@online{scrumguides,
  author   = {Ken Schwaber \& Jeff Sutherland},
  title    = {The Scrum Guide},
  url      = {https://scrumguides.org/scrum-guide.html},
  keywords = {scrum},
  year     = {2020},
  month    = {11},
  urldate  = {2023-07-01}
}

@online{angular,
  title    = {What is Angular?},
  url      = {https://angular.io/guide/what-is-angular},
  keywords = {angular},
  year     = {2022},
  month    = {02},
  day      = {28},
  urldate  = {2023-08-20}
}